<record><leader>00000cas a22000007a 4500</leader><controlfield tag="001">17655656</controlfield><controlfield tag="008">880321d189u1897ohucr ne      0    0eng d</controlfield><datafield ind1=" " ind2=" " tag="010"><subfield code="a">sn 88078339 </subfield></datafield><datafield ind1=" " ind2=" " tag="040"><subfield code="a">ONP</subfield><subfield code="b">eng</subfield><subfield code="c">ONP</subfield><subfield code="d">OCLCQ</subfield></datafield><datafield ind1=" " ind2=" " tag="042"><subfield code="a">msc</subfield></datafield><datafield ind1="0" ind2=" " tag="130"><subfield code="a">Weekly crisis (East Liverpool, Ohio : 1897)</subfield></datafield><datafield ind1="1" ind2="4" tag="245"><subfield code="a">The Weekly crisis.</subfield></datafield><datafield ind1=" " ind2=" " tag="260"><subfield code="a">East Liverpool, Ohio :</subfield><subfield code="b">J.C. Deidrick,</subfield><subfield code="c">-1897.</subfield></datafield><datafield ind1=" " ind2=" " tag="310"><subfield code="a">Semiweekly</subfield></datafield><datafield ind1="0" ind2=" " tag="362"><subfield code="a">-v. 14, no. 21 (Nov. 22, 1897).</subfield></datafield><datafield ind1=" " ind2=" " tag="588"><subfield code="a">Description based on: Vol. 14, no. 4 (Oct. 4, 1897).</subfield></datafield><datafield ind1=" " ind2=" " tag="752"><subfield code="a">United States</subfield><subfield code="b">Ohio</subfield><subfield code="c">Columbiana</subfield><subfield code="d">East Liverpool.</subfield></datafield><datafield ind1="0" ind2=" " tag="775"><subfield code="t">Daily crisis</subfield><subfield code="w">(DLC)sn 83035522</subfield></datafield><datafield ind1="0" ind2="0" tag="780"><subfield code="t">East Liverpool crisis and gazette</subfield><subfield code="w">(DLC)sn 88078340</subfield></datafield><datafield ind1="0" ind2="0" tag="785"><subfield code="t">Semi-weekly crisis</subfield><subfield code="w">(DLC)sn 88078338</subfield></datafield></record>